<record><leader>00000cas a22000007a 4500</leader><controlfield tag="001">8802630</controlfield><controlfield tag="008">820924d18851909caudn ne      0   a0eng  </controlfield><datafield ind1=" " ind2=" " tag="010"><subfield code="a">sn 82015094 </subfield></datafield><datafield ind1=" " ind2=" " tag="040"><subfield code="a">DLC</subfield><subfield code="b">eng</subfield><subfield code="c">DLC</subfield><subfield code="d">NPT</subfield><subfield code="d">DLC</subfield><subfield code="d">YOX</subfield><subfield code="d">MGN</subfield><subfield code="d">CNK</subfield><subfield code="d">OCLCQ</subfield><subfield code="d">UKMGB</subfield><subfield code="d">OCLCO</subfield><subfield code="d">OCLCF</subfield><subfield code="d">OCLCO</subfield><subfield code="d">CNK</subfield></datafield><datafield ind1="7" ind2=" " tag="016"><subfield code="a">013906704</subfield><subfield code="2">Uk</subfield></datafield><datafield ind1=" " ind2=" " tag="042"><subfield code="a">msc</subfield></datafield><datafield ind1="0" ind2="0" tag="050"><subfield code="a">Newspaper 7114-X</subfield></datafield><datafield ind1="0" ind2=" " tag="130"><subfield code="a">Evening post (San Francisco, Calif.)</subfield></datafield><datafield ind1="0" ind2="4" tag="245"><subfield code="a">The evening post.</subfield></datafield><datafield ind1=" " ind2=" " tag="260"><subfield code="a">San Francisco [Calif.] :</subfield><subfield code="b">Post Pub. Co.</subfield></datafield><datafield ind1=" " ind2=" " tag="300"><subfield code="a">v. :</subfield><subfield code="b">ill. ;</subfield><subfield code="c">69 cm.</subfield></datafield><datafield ind1=" " ind2=" " tag="310"><subfield code="a">Daily (except Sun.)</subfield></datafield><datafield ind1="0" ind2=" " tag="362"><subfield code="a">Vol. 28, no. 78 (Sept. 3, 1885)-v. 78, no. 155 (June 30, 1909).</subfield></datafield><datafield ind1=" " ind2=" " tag="530"><subfield code="a">Also available on microfilm from the University of California, Berkeley.</subfield></datafield><datafield ind1=" " ind2=" " tag="580"><subfield code="a">Weekly eds.: San Francisco weekly post &lt;1876&gt;-May 19, 1886, and: Weekly post (San Francisco, Calif.), May 26, 1886-</subfield></datafield><datafield ind1=" " ind2=" " tag="530"><subfield code="a">Master negatives are available for duplication from:</subfield><subfield code="b">California Newspaper Microfilm Archive;</subfield><subfield code="c">for further information consult the CNMA at:</subfield><subfield code="u">http://cbsr.ucr.edu.</subfield></datafield><datafield ind1=" " ind2="0" tag="651"><subfield code="a">San Francisco (Calif.)</subfield><subfield code="v">Newspapers.</subfield></datafield><datafield ind1=" " ind2="7" tag="651"><subfield code="a">California</subfield><subfield code="z">San Francisco.</subfield><subfield code="2">fast</subfield><subfield code="0">(OCoLC)fst01204481</subfield></datafield><datafield ind1=" " ind2="7" tag="655"><subfield code="a">Newspapers.</subfield><subfield code="2">fast</subfield><subfield code="0">(OCoLC)fst01423814</subfield></datafield><datafield ind1=" " ind2=" " tag="752"><subfield code="a">United States</subfield><subfield code="b">California</subfield><subfield code="c">San Francisco</subfield><subfield code="d">San Francisco.</subfield></datafield><datafield ind1="1" ind2=" " tag="775"><subfield code="t">San Francisco weekly post</subfield><subfield code="w">(DLC)sn 85066424</subfield></datafield><datafield ind1="1" ind2=" " tag="775"><subfield code="t">Weekly post (San Francisco, Calif.)</subfield><subfield code="w">(DLC)sn 85066425</subfield></datafield><datafield ind1="0" ind2="0" tag="780"><subfield code="t">Daily evening post (San Francisco, Calif.)</subfield><subfield code="w">(DLC)sn 84027040</subfield></datafield><datafield ind1="0" ind2="7" tag="785"><subfield code="t">San Francisco evening globe</subfield><subfield code="w">(DLC)sn 87067083</subfield></datafield><datafield ind1="0" ind2="7" tag="785"><subfield code="t">Evening post, the San Francisco evening globe</subfield><subfield code="w">(DLC)sn 94052991</subfield></datafield><datafield ind1="1" ind2=" " tag="029"><subfield code="a">AU@</subfield><subfield code="b">000025827243</subfield></datafield></record>